[gd_resource type="Theme" load_steps=14 format=1]

[ext_resource path="res://theme/Box.tres" type="StyleBox" id=1]
[ext_resource path="res://theme/BoxPressed.tres" type="StyleBox" id=2]
[ext_resource path="res://theme/ScrollerH.tres" type="StyleBox" id=3]
[ext_resource path="res://theme/ScrollerHiltH.tres" type="StyleBox" id=4]
[ext_resource path="res://theme/ScrollHBar.tres" type="StyleBox" id=5]
[ext_resource path="res://fonts/m5x7_small.fnt" type="BitmapFont" id=6]
[ext_resource path="res://theme/ScrollerV.tres" type="StyleBox" id=7]
[ext_resource path="res://theme/ScrollerHiltV.tres" type="StyleBox" id=8]
[ext_resource path="res://theme/ScrollVBar.tres" type="StyleBox" id=9]
[ext_resource path="res://fonts/m5x7_medium.fnt" type="BitmapFont" id=10]

[sub_resource type="StyleBoxEmpty" id=1]

content_margin/left = -1.0
content_margin/right = -1.0
content_margin/top = -1.0
content_margin/bottom = -1.0

[sub_resource type="StyleBoxEmpty" id=2]

content_margin/left = -1.0
content_margin/right = -1.0
content_margin/top = -1.0
content_margin/bottom = -1.0

[sub_resource type="StyleBoxEmpty" id=3]

content_margin/left = -1.0
content_margin/right = -1.0
content_margin/top = -1.0
content_margin/bottom = -1.0

[resource]

default_font = ExtResource( 10 )
Button/colors/font_color = Color( 0.756863, 0.423529, 0.356863, 1 )
Button/colors/font_color_disabled = Color( 0.756863, 0.423529, 0.356863, 1 )
Button/colors/font_color_hover = Color( 0.756863, 0.423529, 0.356863, 1 )
Button/colors/font_color_pressed = Color( 0.984314, 0.87451, 0.607843, 1 )
Button/constants/hseparation = 2
Button/fonts/font = null
Button/styles/disabled = ExtResource( 1 )
Button/styles/focus = SubResource( 1 )
Button/styles/hover = ExtResource( 1 )
Button/styles/normal = ExtResource( 1 )
Button/styles/pressed = ExtResource( 2 )
HScrollBar/icons/decrement = null
HScrollBar/icons/decrement_hilite = null
HScrollBar/icons/increment = null
HScrollBar/icons/increment_hilite = null
HScrollBar/styles/grabber = ExtResource( 3 )
HScrollBar/styles/grabber_hilite = ExtResource( 4 )
HScrollBar/styles/scroll = ExtResource( 5 )
HScrollBar/styles/scroll_focus = SubResource( 2 )
Label/colors/font_color = Color( 0.756863, 0.423529, 0.356863, 1 )
Label/colors/font_color_shadow = Color( 0, 0, 0, 0 )
Label/constants/line_spacing = 3
Label/constants/shadow_as_outline = 0
Label/constants/shadow_offset_x = 1
Label/constants/shadow_offset_y = 1
Label/fonts/font = null
Panel/styles/panel = ExtResource( 1 )
Panel/styles/panelf = ExtResource( 1 )
Panel/styles/panelnc = ExtResource( 1 )
PanelContainer/styles/panel = ExtResource( 1 )
TooltipLabel/colors/font_color = Color( 0.756863, 0.423529, 0.356863, 1 )
TooltipLabel/colors/font_color_shadow = Color( 0, 0, 0, 0 )
TooltipLabel/constants/shadow_offset_x = 1
TooltipLabel/constants/shadow_offset_y = 1
TooltipLabel/fonts/font = ExtResource( 6 )
TooltipPanel/styles/panel = ExtResource( 1 )
VScrollBar/icons/decrement = null
VScrollBar/icons/decrement_hilite = null
VScrollBar/icons/increment = null
VScrollBar/icons/increment_hilite = null
VScrollBar/styles/grabber = ExtResource( 7 )
VScrollBar/styles/grabber_hilite = ExtResource( 8 )
VScrollBar/styles/scroll = ExtResource( 9 )
VScrollBar/styles/scroll_focus = SubResource( 3 )

